<record><leader>00000cas a2200000 a 4500</leader><controlfield tag="001">30351331</controlfield><controlfield tag="008">940429d19111933cauwr ne      0    0eng c</controlfield><datafield ind1=" " ind2=" " tag="010"><subfield code="a">sn 94051083 </subfield></datafield><datafield ind1=" " ind2=" " tag="040"><subfield code="a">CNK</subfield><subfield code="b">eng</subfield><subfield code="c">CNK</subfield><subfield code="d">OCL</subfield><subfield code="d">OCLCQ</subfield><subfield code="d">CNK</subfield><subfield code="d">OCLCQ</subfield><subfield code="d">OCLCF</subfield><subfield code="d">CNK</subfield><subfield code="d">OCLCO</subfield></datafield><datafield ind1="1" ind2=" " tag="029"><subfield code="a">AU@</subfield><subfield code="b">000025859240</subfield></datafield><datafield ind1=" " ind2=" " tag="042"><subfield code="a">pcc</subfield></datafield><datafield ind1=" " ind2=" " tag="043"><subfield code="a">n-us-ca</subfield></datafield><datafield ind1="0" ind2=" " tag="130"><subfield code="a">Truckee Republican (Truckee, Calif. : 1911)</subfield></datafield><datafield ind1="1" ind2="0" tag="245"><subfield code="a">Truckee Republican.</subfield></datafield><datafield ind1=" " ind2=" " tag="260"><subfield code="a">Truckee, Nev. Co., Calif. :</subfield><subfield code="b">W.H.M. Smith</subfield></datafield><datafield ind1=" " ind2=" " tag="300"><subfield code="a">v.</subfield></datafield><datafield ind1=" " ind2=" " tag="310"><subfield code="a">Weekly</subfield></datafield><datafield ind1="0" ind2=" " tag="362"><subfield code="a">Vol. 42, no. 96 (Nov. 2, 1911)-65th year, no. 22 (July 27, 1933).</subfield></datafield><datafield ind1=" " ind2=" " tag="530"><subfield code="a">Master negatives are available for duplication from:</subfield><subfield code="b">California Newspaper Microfilm Archive;</subfield><subfield code="c">for further information consult the CNMA at:</subfield><subfield code="u">http://cbsr.ucr.edu.</subfield></datafield><datafield ind1=" " ind2="0" tag="651"><subfield code="a">Truckee (Calif.)</subfield><subfield code="v">Newspapers.</subfield></datafield><datafield ind1=" " ind2="7" tag="651"><subfield code="a">California</subfield><subfield code="z">Truckee.</subfield><subfield code="2">fast</subfield><subfield code="0">(OCoLC)fst01219045</subfield></datafield><datafield ind1=" " ind2="7" tag="655"><subfield code="a">Newspapers.</subfield><subfield code="2">fast</subfield><subfield code="0">(OCoLC)fst01423814</subfield></datafield><datafield ind1=" " ind2=" " tag="752"><subfield code="a">United States</subfield><subfield code="b">California</subfield><subfield code="c">Nevada</subfield><subfield code="d">Truckee.</subfield></datafield><datafield ind1="0" ind2="0" tag="780"><subfield code="t">Truckee semi-weekly Republican (Truckee, Calif. : 1885)</subfield><subfield code="w">(DLC)sn 86076441</subfield></datafield><datafield ind1="0" ind2="7" tag="785"><subfield code="t">Sierra sun</subfield></datafield><datafield ind1="0" ind2="7" tag="785"><subfield code="t">Sierra sun and Truckee Republican</subfield><subfield code="w">(DLC)sn 94051084</subfield></datafield></record>